
@article{schrittwieser_mastering_2020,
	author = {Schrittwieser, Julian and Antonoglou, Ioannis and Hubert, Thomas and Simonyan, Karen and Sifre, Laurent and Schmitt, Simon and Guez, Arthur and Lockhart, Edward and Hassabis, Demis and Graepel, Thore and Lillicrap, Timothy and Silver, David},
	journal = {Nature},
	month = dec,
	number = {7839},
	pages = {604--609},
	title = {Mastering {Atari}, {Go}, {Chess} and {Shogi} by {Planning} with a {Learned} {Model}},
	volume = {588},
	year = {2020}}

@article{silver_general_2018,
	author = {Silver, David and Hubert, Thomas and Schrittwieser, Julian and Antonoglou, Ioannis and Lai, Matthew and Guez, Arthur and Lanctot, Marc and Sifre, Laurent and Kumaran, Dharshan and Graepel, Thore and Lillicrap, Timothy and Simonyan, Karen and Hassabis, Demis},
	journal = {Science},
	month = dec,
	number = {6419},
	pages = {1140--1144},
	title = {A general reinforcement learning algorithm that masters chess, shogi, and {Go} through self-play},
	volume = {362},
	year = {2018}}

@article{silver_mastering_2017,
	author = {Silver, David and Schrittwieser, Julian and Simonyan, Karen and Antonoglou, Ioannis and Huang, Aja and Guez, Arthur and Hubert, Thomas and Baker, Lucas and Lai, Matthew and Bolton, Adrian and Chen, Yutian and Lillicrap, Timothy and Hui, Fan and Sifre, Laurent and van den Driessche, George and Graepel, Thore and Hassabis, Demis},
	journal = {Nature},
	month = oct,
	number = {7676},
	pages = {354--359},
	title = {Mastering the game of {Go} without human knowledge},
	volume = {550},
	year = {2017}}

@article{silver_mastering_2016,
	author = {Silver, David and Huang, Aja and Maddison, Chris J. and Guez, Arthur and Sifre, Laurent and van den Driessche, George and Schrittwieser, Julian and Antonoglou, Ioannis and Panneershelvam, Veda and Lanctot, Marc and Dieleman, Sander and Grewe, Dominik and Nham, John and Kalchbrenner, Nal and Sutskever, Ilya and Lillicrap, Timothy and Leach, Madeleine and Kavukcuoglu, Koray and Graepel, Thore and Hassabis, Demis},
	journal = {Nature},
	month = jan,
	number = {7587},
	pages = {484--489},
	title = {Mastering the game of {Go} with deep neural networks and tree search},
	volume = {529},
	year = {2016}}

@inproceedings{vinyals_order_2016,
	author = {Vinyals, Oriol and Bengio, Samy and Kudlur, Manjunath},
	month = feb,
	title = {Order {Matters}: {Sequence} to sequence for sets},
	year = {2016}}

@inproceedings{kingma_auto-encoding_2014,
	author = {Kingma, Diederik P. and Welling, Max},
	month = may,
	title = {Auto-{Encoding} {Variational} {Bayes}},
	year = {2014}}

@inproceedings{ma_eddi_2019,
	address = {Long Beach, California},
	author = {Ma, Chao and Tschiatschek, Sebastian and Palla, Konstantina and Hern{\'a}ndez-Lobato, Jos{\'e} Miguel and Nowozin, Sebastian and Zhang, Cheng},
	booktitle = {Proceedings of the 36th {International} {Conference} on {Machine} {Learning}},
	month = may,
	title = {{EDDI}: {Efficient} {Dynamic} {Discovery} of {High}-{Value} {Information} with {Partial} {VAE}},
	year = {2019}}

@inproceedings{gaudel_feature_2010,
	address = {Haifa, Israel},
	author = {Gaudel, Romaric and Sebag, Michele},
	month = jun,
	pages = {359--366},
	title = {Feature {Selection} as a {One}-{Player} {Game}},
	year = {2010}}

@inproceedings{shim_joint_2018,
	address = {Montr{\'e}al, Canada},
	author = {Shim, Hajin and Hwang, Sung Ju and Yang, Eunho},
	pages = {11},
	title = {Joint {Active} {Feature} {Acquisition} and {Classification} with {Variable}-{Size} {Set} {Encoding}},
	year = {2018}}

@inproceedings{li_active_2021,
	author = {Li, Yang and Oliva, Junier B},
	booktitle = {Proceedings of the 38th {International} {Conference} on {Machine} {Learning}},
	pages = {10},
	title = {Active {Feature} {Acquisition} with {Generative} {Surrogate} {Models}},
	year = {2021}}

@inproceedings{wang_robusta_2021,
	author = {Wang, Xiaoyang and Li, Bo and Zhang, Yibo and Kailkhura, Bhavya and Nahrstedt, Klara},
	booktitle = {{AAAI} 2022 {Workshop} {Towards} {Robust}, {Secure} and {Efficient} {Machine} {Learning}},
	pages = {16},
	title = {Robusta: {Robust} {AutoML} for {Feature} {Selection} via {Reinforcement} {Learning}},
	year = {2021}}

@inproceedings{kapoor_breaking_2009,
	author = {Kapoor, Ashish and Horvitz, Eric},
	pages = {9},
	title = {Breaking {Boundaries}: {Active} {Information} {Acquisition} {Across} {Learning} and {Diagnosis}},
	year = {2009}}

@inproceedings{zannone_odin_2019,
	author = {Zannone, Sara and Hern{\'a}ndez-Lobato, Jos{\'e} Miguel and Zhang, Cheng and Palla, Konstantina},
	pages = {8},
	title = {{ODIN}: {Optimal} {Discovery} of {High}-value {INformation} {Using} {Model}-based {Deep} {Reinforcement} {Learning}},
	year = {2019}}

@inproceedings{gong_icebreaker_2019,
	address = {Vancouver, Canada},
	author = {Gong, Wenbo and Tschiatschek, Sebastian and Turner, Richard E and Nowozin, Sebastian and Hern{\'a}ndez-Lobato, Jos{\'e} Miguel and Zhang, Cheng},
	pages = {12},
	title = {Icebreaker: {Element}-wise {Efficient} {Information} {Acquisition} with a {Bayesian} {Deep} {Latent} {Gaussian} {Model}},
	year = {2019}}

@inproceedings{jayaraman_learning_2018,
	address = {Salt Lake City, UT},
	author = {Jayaraman, Dinesh and Grauman, Kristen},
	booktitle = {2018 {IEEE}/{CVF} {Conference} on {Computer} {Vision} and {Pattern} {Recognition}},
	month = jun,
	pages = {1238--1247},
	publisher = {IEEE},
	title = {Learning to {Look} {Around}: {Intelligently} {Exploring} {Unseen} {Environments} for {Unknown} {Tasks}},
	year = {2018}}

@inproceedings{wang_glance_2020,
	author = {Wang, Yulin and Lv, Kangchen and Huang, Rui and Song, Shiji and Yang, Le and Huang, Gao},
	booktitle = {Advances in {Neural} {Information} {Processing} {Systems} 33 ({NeurIPS} 2020)},
	title = {Glance and {Focus}: a {Dynamic} {Approach} to {Reducing} {Spatial} {Redundancy} in {Image} {Classification}},
	year = {2020}}

@inproceedings{mnih_recurrent_2014,
	author = {Mnih, Volodymyr and Heess, Nicolas and Graves, Alex},
	booktitle = {Advances in {Neural} {Information} {Processing} {Systems} 27 ({NIPS} 2014)},
	pages = {9},
	title = {Recurrent {Models} of {Visual} {Attention}},
	year = {2014}}

@InCollection{Sutton00,
	title 	= {Policy Gradient Methods for Reinforcement Learning 
					with Function Approximation},
	author 	= {Richard S. Sutton and David McAllester and Satinder Singh
					anf Yishay Mansour},
	booktitle = {Advances in Neural Information Processing Systems},
	volume 	= {12},
	pages 	= {1057--1063},
	year 		= {2000}
}

%----------------------
@InProceedings{Schulman15, 
	title = {Trust Region Policy Optimization}, 
	author = {John Schulman and Sergey Levine and Pieter Abbeel 
				and Michael Jordan and Philipp Moritz}, 
	booktitle = {Proceedings of the 32nd International Conference on Machine Learning},
	pages = {1889--1897}, 
	year = {2015}, 
	volume = {37}, 
	series = {Proceedings of Machine Learning Research},
	url = { http://proceedings.mlr.press/v37/schulman15.html }
} 

@article{Schulman17,
  author    = {John Schulman and
               Filip Wolski and
               Prafulla Dhariwal and
               Alec Radford and
               Oleg Klimov},
  title     = {Proximal Policy Optimization Algorithms},
  journal   = {CoRR},
  volume    = {abs/1707.06347},
  year      = {2017},
  url       = {http://arxiv.org/abs/1707.06347},
  archivePrefix = {arXiv},
  eprint    = {1707.06347}
}

@Article{Williams92,
	title 	= {Simple Statistical Gradient Algorithms for Connectionist Reinforcement Learning},
	author 	= {Ronald J. Williams},
	journal 	= {Machine Learning},
	volume 	= {8},
	pages 	= {229--256},
	year 		= {1992},
}

